<?xml version="1.0" encoding="UTF-8"?><collection xmlns="http://www.loc.gov/MARC21/slim"><record><leader>00504nam--2200181-i-4500</leader><controlfield tag="001">000006683</controlfield><controlfield tag="002">20161230</controlfield><controlfield tag="005">20161230201026</controlfield><controlfield tag="008">060222s1000------------r-----000-0-eng-d</controlfield><datafield ind1=" " ind2=" " tag="040"><subfield code="a">IFIN-HH</subfield></datafield><datafield ind1=" " ind2=" " tag="080"><subfield code="a">543.51</subfield></datafield><datafield ind1="1" ind2=" " tag="100"><subfield code="a">Beynon, J. H</subfield></datafield><datafield ind1="1" ind2="0" tag="245"><subfield code="a">Mass and abundance tables for use in mass spectrometry</subfield><subfield code="c">.h. beynon, a.e. williams</subfield></datafield><datafield ind1=" " ind2=" " tag="260"><subfield code="a">Amsterdam</subfield><subfield code="b">Elsevier Publishing Co</subfield><subfield code="c">1963</subfield></datafield><datafield ind1=" " ind2=" " tag="300"><subfield code="a">XXI + 570 P</subfield></datafield><datafield ind1="1" ind2=" " tag="700"><subfield code="a">Williams A.E</subfield></datafield><datafield ind1=" " ind2=" " tag="852"><subfield code="a">13873</subfield><subfield code="c">53.081</subfield></datafield><datafield ind1=" " ind2=" " tag="CAT"><subfield code="a">Sys</subfield><subfield code="c">20151113</subfield><subfield code="h">110107</subfield></datafield></record></collection>